@online{littertur/icsm,
  author       = {Intergovernmental Committee on Surveying and Mapping},
  title        = {Fundamentals of Mapping},
  year         = {Maj 2024},
  url          = {https://www.icsm.gov.au/education/fundamentals-mapping/history-mapping},
  urldate      = {2024-11-05}
}

@online{osm,
  author       = {OnlineStreetMap.com},
  title        = {About us},
  year         = {Maj 2024},
  url          = {https://www.icsm.gov.au/education/fundamentals-mapping/history-mapping},
  urldate      = {2024-11-05}
}

@online{osm/XMLReader-Writer,
  author       = {FME.com},
  title        = {OpenStreetMap (OSM) XML Reader/Writer},
  year         = {Maj 2024},
  url          = {https://docs.safe.com/fme/html/FME-Form-Documentation/FME-ReadersWriters/osm/osm.htm},
  urldate      = {2024-11-05}
}